<record><leader>00000cas a22000007a 4500</leader><controlfield tag="001">10583132</controlfield><controlfield tag="008">840402d18741910nbudn ne      0    0eng d</controlfield><datafield ind1=" " ind2=" " tag="010"><subfield code="a">sn 84022819 </subfield></datafield><datafield ind1=" " ind2=" " tag="040"><subfield code="a">NPX</subfield><subfield code="b">eng</subfield><subfield code="c">NPX</subfield><subfield code="d">MGN</subfield><subfield code="d">NVG</subfield><subfield code="d">OCLCQ</subfield><subfield code="d">OCLCF</subfield><subfield code="d">OCLCO</subfield></datafield><datafield ind1="1" ind2=" " tag="029"><subfield code="a">AU@</subfield><subfield code="b">000020632647</subfield></datafield><datafield ind1=" " ind2=" " tag="042"><subfield code="a">msc</subfield></datafield><datafield ind1=" " ind2=" " tag="043"><subfield code="a">n-us-nb</subfield></datafield><datafield ind1="0" ind2="0" tag="245"><subfield code="a">Fremont daily herald.</subfield></datafield><datafield ind1="1" ind2="3" tag="246"><subfield code="a">Fremont herald</subfield></datafield><datafield ind1="1" ind2="3" tag="246"><subfield code="a">Fremont morning herald</subfield><subfield code="f">1910</subfield></datafield><datafield ind1=" " ind2=" " tag="260"><subfield code="a">Fremont, Neb. :</subfield><subfield code="b">Smails &amp; Toncray,</subfield><subfield code="c">-1910.</subfield></datafield><datafield ind1=" " ind2=" " tag="300"><subfield code="a">v.</subfield></datafield><datafield ind1=" " ind2=" " tag="310"><subfield code="a">Daily (except Mon.),</subfield><subfield code="b">&lt;Mar. 6&gt;, 1887-July 31, 1910</subfield></datafield><datafield ind1=" " ind2=" " tag="321"><subfield code="a">Daily (except Sun.),</subfield><subfield code="b">&lt;1877&gt;-&lt;Jan. 11&gt;, 1887</subfield></datafield><datafield ind1="1" ind2=" " tag="362"><subfield code="a">Began in 1874?</subfield></datafield><datafield ind1="0" ind2=" " tag="362"><subfield code="a">-v. 39, no. 181 (July 31, 1910).</subfield></datafield><datafield ind1=" " ind2=" " tag="515"><subfield code="a">Numbering very irregular.</subfield></datafield><datafield ind1=" " ind2=" " tag="515"><subfield code="a">One issue no. assigned for each week's issues, &lt;1877&gt;-July 22, 1894.</subfield></datafield><datafield ind1=" " ind2=" " tag="580"><subfield code="a">Weekly eds.: Fremont weekly herald, 1874-1892, and: Fremont weekly herald (Friday's ed. : 1892), 1892-1897, and: Fremont weekly herald (Tuesday's ed. : 1892), 1892-1897.</subfield></datafield><datafield ind1=" " ind2=" " tag="580"><subfield code="a">Semiweekly ed.: Fremont semi-weekly herald, 1897-1903.</subfield></datafield><datafield ind1=" " ind2=" " tag="588"><subfield code="a">Description based on: Vol. 5, no. 7 (Aug. 23, 1875).</subfield></datafield><datafield ind1=" " ind2="0" tag="651"><subfield code="a">Fremont (Neb.)</subfield><subfield code="v">Newspapers.</subfield></datafield><datafield ind1=" " ind2="7" tag="655"><subfield code="a">Newspapers.</subfield><subfield code="2">fast</subfield><subfield code="0">(OCoLC)fst01423814</subfield></datafield><datafield ind1=" " ind2="7" tag="651"><subfield code="a">Nebraska</subfield><subfield code="z">Fremont.</subfield><subfield code="2">fast</subfield><subfield code="0">(OCoLC)fst01221285</subfield></datafield><datafield ind1=" " ind2=" " tag="752"><subfield code="a">United States</subfield><subfield code="b">Nebraska</subfield><subfield code="c">Dodge</subfield><subfield code="d">Fremont.</subfield></datafield><datafield ind1="1" ind2=" " tag="775"><subfield code="t">Fremont weekly herald</subfield><subfield code="w">(DLC)sn 84022820</subfield></datafield><datafield ind1="1" ind2=" " tag="775"><subfield code="t">Fremont weekly herald (Friday's ed. : 1892)</subfield></datafield><datafield ind1="1" ind2=" " tag="775"><subfield code="t">Fremont weekly herald (Tuesday's ed. : 1892)</subfield></datafield><datafield ind1="1" ind2=" " tag="775"><subfield code="t">Fremont semi-weekly herald</subfield></datafield><datafield ind1="0" ind2="0" tag="780"><subfield code="t">Fremont herald (Fremont, Neb. : Daily)</subfield><subfield code="w">(DLC)sn 92057023</subfield></datafield><datafield ind1="0" ind2="0" tag="785"><subfield code="t">Fremont herald (Fremont, Neb. : Weekly : 1910)</subfield></datafield></record>